
Dummy entry. just to test things.
@article{greenwade93,
    author  = "George D. Greenwade",
    title   = "The {C}omprehensive {T}ex {A}rchive {N}etwork ({CTAN})",
    year    = "1993",
    journal = "TUGBoat",
    volume  = "14",
    number  = "3",
    pages   = "342--351"
},

@article{King76,
	author = {King, James C.},
	title = {Symbolic Execution and Program Testing},
	journal = {Commun. ACM},
	issue_date = {July 1976},
	volume = {19},
	number = {7},
	month = jul,
	year = {1976},
	issn = {0001-0782},
	pages = {385--394},
	numpages = {10},
	url = {http://doi.acm.org/10.1145/360248.360252},
	doi = {10.1145/360248.360252},
	acmid = {360252},
	publisher = {ACM},
	address = {New York, NY, USA},
	keywords = {program debugging, program proving, program testing, program verification, symbolic execution, symbolic interpretation},
},

@article{CadarSen13,

author = {Cadar, Cristian and Sen, Koushik},

year = {2013},

month = {02},

pages = {82-90},

title = {Symbolic execution for software testing: Three decades later},

volume = {56},

journal = {Communications of the ACM},

doi = {10.1145/2408776.2408795}

} 

